% Encoding: UTF-8
@unpublished{dft-guide,
author = {M. Barranco and F. Coppens and N. Halberstadt and A. Hernando and A. Leal and D. Mateo and R. Mayol and M. Pi},
note = {https://github.com/bcntls2016/DFT-Guide/blob/master/dft-guide.pdf},
title = {\emph{Zero temperature DFT and TDDFT for $^4$He: A short guide for practitioners}},
year={{(2017),}},}
\url{https://github.com/bcntls2016/DFT-Guide/blob/master/dft-guide.pdf}

@article{Har95,
author = {M. Hartmann and R. E. Miller and J. P. Toennies and A. F. Vilesov},
journal = {Phys. Rev. Lett.},
pages = {1566},
volume = {75},
year = {1995},
}

@article{Leh98,
author = {K. K. Lehmann and G. Scoles},
journal = {Science},
pages = {2065},
volume = {279},
year = {1998},
}

@book{Til74,
address = {New York},
author = {D. R. Tilley and J. Tilley},
publisher = {John Wiley \& Sons},
title = {Superfluidity and superconductivity},
year = {1974},
}

@book{Tan07,
address = {Sausalito, California (USA)},
author = {D. Tannor},
publisher = {University Science Books},
title = {Introduction to Quantum mechanics: A Time-Dependent Perspective},
year = {2007},
}

@article{Bart96,
author = {A. Bartelt and J. D. Close and F. Federmann and N. Quaas and J. P. Toennies},
journal = {Phys. Rev. Lett.},
pages = {3525},
volume = {77},
year = {1996},
}

@article{Toe98,
author = {J. P. Toennies and A. F. Vilesov},
journal = {Ann. Rev. Phys. Chem.},
pages = {1},
volume = {49},
year = {1998},
}

@Article{Gre00,
  author  = {S. Grebenev and M. Hartmann and A. Lindinger and N. P\"ortner and B. Sartakov and J. P. Toennies and A. F. Vilesov},
  journal = {Physica B},
  year    = {2000},
  volume  = {280},
  pages   = {65},
}

@article{Har96,
author = {M. Hartmann and F. Mielke and J. P. Toennies and A. F. Vilesov and G. Benedek},
journal = {Phys. Rev. Lett.},
pages = {4560},
volume = {76},
year = {1996},
}

@article{Jag02,
author = {J. Tang and Y. Xu and A. R. W. McKellar and W. J\"ager},
journal = {Science},
pages = {2030},
volume = {297},
year = {2002},
}

@article{Jag03,
author = {Y. Xu and W. J\"ager},
journal = {J. Chem. Phys.},
pages = {5457},
volume = {119},
year = {2003},
}

@article{Jag07,
author = {A. R. W. McKellar and Y. Xu and W. J\"ager},
journal = {J. Phys. Chem. A},
pages = {7329},
volume = {111},
year = {2007},
}

@article{Jag08,
author = {L. A. Surin and A. V. Potapov and B. S. Dumesh and S. Schlemmer and Y. Xu and P. L. Raston and W. J\"ager},
journal = {Phys. Rev. Lett.},
pages = {233401},
volume = {101},
year = {2008},
}

@Article{Ost75,
  author  = {R. M. Ostermeier and W. I. Glaberson},
  journal = {J. Low Temp. Phys.},
  year    = {1975},
  volume  = {20},
  pages   = {159},
}

@article{Sin89,
author = {P. Sindzingre and M. L. Klein and D. M. Ceperley},
journal = {Phys. Rev. Lett.},
pages = {1601},
volume = {63},
year = {1989},
}

@Article{Kro01,
  author  = {E. Krotscheck and R. E. Zillich},
  journal = {J. Chem. Phys.},
  year    = {2001},
  volume  = {115},
  pages   = {10161},
}

@article{Gre02,
author = {M. Greiner and O. Mandel and T. Esslinger and T. W. H\"ansch and I. Bloch},
journal = {Nature},
pages = {39},
volume = {415},
year = {2002},
}

@article{Toe04,
author = {J. P. Toennies and A. F. Vilesov},
journal = {Angew. Chem. Phys.},
pages = {2622},
volume = {43},
year = {2004},
}

@article{Bar06,
author = {M. Barranco and R. Guardiola and S. Hern\'andez and R. Mayol and J. Navarro and M. Pi},
journal = {J. Low Temp. Phys.},
pages = {1},
volume = {142},
year = {2006},
}

@article{Sza06,
author = {K. Szalewicz},
journal = {Int. Rev. Phys. Chem.},
pages = {273},
volume = {27},
year = {2006},
}

@Article{Sti06,
  author  = {F. Stienkemeier and K. K. Lehmann},
  journal = {J. Phys. B},
  year    = {2006},
  volume  = {39},
  pages   = {R127},
}

@article{Cho06,
author = {M. Y. Choi and G. E. Douberly and T. M. Falconer and W. K. Lewis and C. M. Lindsay and J. M. Merritt and P. L. Stiles and R. E. Miller},
journal = {Int. Rev. Phys. Chem.},
pages = {15},
volume = {25},
year = {2006},
}

@article{Tig07,
author = {J. Tiggesb\"aumker and F. Stienkemeier},
journal = {Phys. Chem. Chem. Phys.},
pages = {4748},
volume = {9},
year = {2007},
}

@inproceedings{Sle08,
address = {Singapore},
author = {A. Slenczka and J. P. Toennies},
booktitle = {Low Temperatures and Cold Molecules},
editor = {W. M. Smith},
pages = {345},
publisher = {World Sci.},
year = {2008},
}

@unpublished{Gro61,
}

@unpublished{Gro63,
}

@inproceedings{Cal11a,
  publisher = {Whiley},
  year      = {2011},
  author    = {C. Callegari and W. E. Ernst},
  volume    = {3},
  address   = {New York},
  booktitle = {Handbook of High Resolution Spectroscopy},
  pages     = {1551},
}

@article{Yan13,
author = {S. Yang and A. M. Ellis},
journal = {Chem. Soc. Rev},
pages = {472},
volume = {42},
year = {2013},
}

@article{Mud14,
author = {M. Mudrich and F. Stienkemeier},
journal = {Int. Rev. Phys. Chem.},
pages = {301},
volume = {33},
year = {2014},
}

@article{Zen14,
author = {T. Zeng and {P.-N.} Roy},
journal = {Rep. Prog. Phys},
pages = {46601},
volume = {77},
year = {2014},
}

@book{Toe90,
  publisher = {North Holland},
  year      = {1990},
  author    = {J. P. Toennies},
  title    = {The Chemical physics of Atomic and Molecular Clusters, Course CVII,},
  address   = {Amsterdam},
  series = {\emph{in} Proceedings of the International School of Physics ``Enrico Fermi'' 1988},
  pages     = {597},
}

@article{Wha94,
author = {K. B. Whaley},
journal = {Int. Rev. Phys. Chem.},
pages = {41},
volume = {13},
year = {1994},
}

@Article{Wha98,
  author  = {K. B. Whaley},
  journal = {Advances in Molecular Vibrations and Collision Dynamics},
  year    = {1998},
  volume  = {3},
  pages   = {397},
}

@Article{Nor01,
  author  = {J. A. Northby},
  title   = {Experimental studies of helium droplets},
  journal = {J. Chem. Phys.},
  year    = {2001},
  volume  = {115},
  pages   = {10065},
  note    = {Special Topic issue on Helium nanodroplets},
}

@book{Kro02,
address = {Singapore},
editor = {E. Krotscheck and J. Navarro},
publisher = {World Scientific},
series = {Series on Advances in Quantum Many-Body Theory},
title = {Microscopic approaches to quantum liquids in confined geometries},
volume = {4},
year = {2002},
}

@book{Wei80,
address = {New York},
author = {M. Weissbluth},
publisher = {Academic Press},
title = {Atoms and molecules},
year = {1980},
}

@Article{deL06,
  author  = {M. P. {de Lara-Castells} and G. {Delgado-Barrio} and P. Villarreal and A. O. Mitrushchenkov},
  journal = {J. Chem. Phys.},
  year    = {2006},
  volume  = {125},
  pages   = {221101},
}

@Article{deL10,
  author  = {M. P. de Lara-Castells and N. F. Aguirre and P. Villarreal and G. {Delgado-Barrio} and A. O. Mitrushchenkov},
  journal = {J. Chem. Phys.},
  year    = {2010},
  volume  = {132},
  pages   = {194313},
}

@article{Agu13,
author = {N. F. Aguirre and P. Villarreal and G. {Delgado-Barrio} and A. O. Mitrushchenkov and M. P. {de Lara-Castells}},
journal = {Phys. Chem. Chem. Phys.},
pages = {10126},
volume = {15},
year = {2013},
}

@Article{Hoh64,
  author  = {P. Hohenberg and W. Kohn},
  title   = {Inhomogeneous Electron Gas},
  journal = {Phys. Rev.},
  year    = {1964},
  volume  = {136},
  pages   = {B864},
}

@Article{Koh65,
  author  = {W. Kohn and L. J. Sham},
  journal = {Phys. Rev.},
  year    = {1965},
  volume  = {140},
  pages   = {A1133},
}

@Unpublished{note_1,
  note    = {In reality only less than 10\% of superfluid $^4$He is in a condensed phase: however, the $^4$He energy Density Functional is fitted, by means of adjustable parameters, in order to reproduce the actual physical properties of bulk superfluid $^4$He, and t},
  comment = {and thus the assumption of 100\% BEC is not spoiling the overall performances of the functional.},
}

@Article{Run84,
  author  = {E. Runge and E. K. U. Gross},
  journal = {Phys. Rev. Lett.},
  year    = {1984},
  volume  = {52},
  pages   = {997},
}

@Book{Don91,
  title     = {Quantized vortices in helium II},
  series = {Cambridge Studies in Low Temperature Physics},
  publisher = {Cambridge University Press},
  year      = {1991},
  author    = {R. J. Donnelly},
  volume    = {3},
  address   = {Cambridge, U.K.},
}

@Article{Pra69,
  author  = {J. W. P. Pratt and J. W. Zimmermann},
  journal = {Phys. Rev.},
  year    = {1969},
  volume  = {177},
  pages   = {412},
}

@Article{DeC74,
  author  = {K. DeConde and G. A. Williams and R. E. Packard},
  journal = {Phys. Rev. Lett.},
  year    = {1974},
  volume  = {33},
  pages   = {683},
}

@Book{Pit03,
  title     = {Bose-Einstein Condensation},
  publisher = {International Series of Monographs on Physics 116 (Clarendon)},
  year      = {2003},
  author    = {L. Pitaevskii and S. Stringari},
  volume    = {116},
  address   = {Oxford, U.K},
}

@Article{Pad72,
  author  = {T. Padmore},
  journal = {Phys. Rev. Lett.},
  year    = {1972},
  volume  = {28},
  pages   = {469},
}

@Article{Pi07,
  author  = {M. Pi and R. Mayol and A. Hernando and M. Barranco and F. Ancilotto},
  journal = {J. Chem. Phys.},
  year    = {2007},
  volume  = {126},
  pages   = {244502},
}

@Article{Anc14,
  author  = {F. Ancilotto and M. Pi and M. Barranco},
  journal = {Phys. Rev. B},
  year    = {2014},
  volume  = {90},
  pages   = {174512},
}

@Article{Anc15,
  author  = {F. Ancilotto and M. Pi and M. Barranco},
  journal = {Phys. Rev. B},
  year    = {2015},
  volume  = {91},
  pages   = {100503(R)},
}

@Article{Dal00,
  author  = {F. Dalfovo and R. Mayol and M. Pi and M. Barranco},
  journal = {Phys. Rev. Lett},
  year    = {2000},
  volume  = {85},
  pages   = {1028},
}

@Article{Dal95,
  author  = {F. Dalfovo and A. Lastri and L. Pricaupenko and S. Stringari and J. Treiner},
  journal = {Phys. Rev. B},
  year    = {1995},
  volume  = {52},
  pages   = {1193},
}

@Article{Anc10,
  author  = {F. Ancilotto and M. Barranco and M. Pi},
  journal = {Phys. Rev. B},
  year    = {2010},
  volume  = {82},
  pages   = {014517},
}

@Article{Pop15,
  author  = {E. Popov and J. Eloranta},
  journal = {J. Chem. Phys.},
  year    = {2015},
  volume  = {142},
  pages   = {204704},
}

@Article{Pop13,
  author  = {E. Popov and M. Mammetkuliyev and J. Eloranta},
  journal = {J. Chem. Phys.},
  year    = {2013},
  volume  = {138},
  pages   = {204307},
}

@Article{Ait16,
  author  = {F. Aitken and N. Bonifaci and K. von Haeften and J. Eloranta},
  journal = {J. Chem. Phys.},
  year    = {2016},
  volume  = {145},
  pages   = {044105},
}

@Article{Mat15a,
  author  = {D. Mateo and J. Eloranta and G. A. Williams},
  journal = {J. Chem. Phys.},
  year    = {2015},
  volume  = {142},
  pages   = {064510},
}

@Article{Elo01b,
  author  = {J. Eloranta and J. Ahokas and H. Kunttu},
  journal = {J. Chem. Phys.},
  year    = {2001},
  volume  = {114},
  pages   = {7144},
}

@Article{Bue16,
  author  = {X. Buelna and A. Freund and D. Gonzalez and E. Popov and J. Eloranta},
  journal = {J. Phys. Chem. B},
  year    = {2016},
  volume  = {120},
  pages   = {11010},
}

@Article{Mad27,
  author  = {E. Madelung},
  journal = {Z. Phys.},
  year    = {1927},
  volume  = {40},
  pages   = {322},
}

@Article{Mat13b,
  author  = {D. Mateo and A. Hernando and M. Barranco and E. Loginov and M. Drabbels and M. Pi},
  journal = {Phys. Chem. Chem. Phys.},
  year    = {2013},
  volume  = {15},
  pages   = {18388},
}

@Article{Anc07,
  author  = {F. Ancilotto and M. Pi and R. Mayol and M. Barranco and K. K. Lehmann},
  journal = {J. Phys. Chem. A},
  year    = {2007},
  volume  = {111},
  pages   = {12695},
}

@Article{Fie12,
  author  = {S. L. Fiedel and D. Mateo and T. Aleksanyan and J. Eloranta},
  journal = {Phys. Rev. B},
  year    = {2012},
  volume  = {86},
  pages   = {144522},
}

@Article{Lea14b,
  author  = {A. Leal and D. Mateo and A. Hernando and M. Pi and M. Barranco and A. Ponti and F. Cargnoni and M. Drabbels},
  journal = {Phys. Rev. B},
  year    = {2014},
  volume  = {90},
  pages   = {224518},
}

@Article{Anc05a,
  author  = {F. Ancilotto and M. Barranco and F. Caupin and R. Mayol and M. Pi},
  journal = {Phys. Rev. B},
  year    = {2005},
  volume  = {72},
  pages   = {214522},
}

@Article{Cau07,
  author  = {F. Caupin and F. Ancilotto and M. Barranco and R. Mayol and M. Pi},
  journal = {J. Low Temp. Phys.},
  year    = {2007},
  volume  = {148},
  pages   = {731},
}

@Article{Str87a,
  author  = {S. Stringari and J. Treiner},
  journal = {Phys. Rev. B},
  year    = {1987},
  volume  = {36},
  pages   = {8369},
}

@Article{Str87b,
  author  = {S. Stringari and J. Treiner},
  journal = {J. Chem. Phys.},
  year    = {1987},
  volume  = {87},
  pages   = {5021},
}

@Article{Mat11a,
  author  = {D. Mateo and D. Jin and M. Barranco and M. Pi},
  journal = {J. Chem. Phys.},
  year    = {2011},
  volume  = {134},
  pages   = {044507},
}

@Article{Jin10a,
  author  = {D. Jin and H. J. Maris},
  journal = {J. Low Temp. Phys.},
  year    = {2010},
  volume  = {158},
  pages   = {317},
}

@Article{Jin10b,
  author  = {D. Jin and W. Guo},
  journal = {Phys. Rev. B},
  year    = {2010},
  volume  = {82},
  pages   = {094524},
}

@Article{Jin10c,
  author  = {D. Jin and W. Guo and W. Wei and H. J. Maris},
  journal = {J. Low Temp. Phys.},
  year    = {2010},
  volume  = {158},
  pages   = {307},
}

@Article{Ber99,
  author  = {N. G. Berloff},
  journal = {J. Low Temp. Phys.},
  year    = {1999},
  volume  = {116},
  pages   = {359},
}

@Article{Ber00,
  author  = {N. G. Berloff},
  journal = {Phys. Lett. A},
  year    = {2000},
  volume  = {277},
  pages   = {240},
}

@Article{Ber01,
  author  = {N. G. Berloff and P. H. Roberts},
  journal = {J. Phys. A},
  year    = {2001},
  volume  = {34},
  pages   = {81},
}

@Article{Psh16,
  author  = {I. A. Pshenichnyuk and N. G. Berloff},
  journal = {Phys. Rev. B},
  year    = {2016},
  volume  = {94},
  pages   = {184505},
}

@Article{Anc00,
  author  = {F. Ancilotto and F. Faccin and F. Toigo},
  journal = {Phys. Rev. B},
  year    = {2000},
  volume  = {62},
  pages   = {17035},
}

@Article{Bib02,
  author  = {T. Biben and D. Frenkel},
  journal = {J. Phys. Cond. Matt.},
  year    = {2002},
  volume  = {14},
  pages   = {9077},
}

@Article{Jin12,
  author  = {D. Jin and W. Guo},
  journal = {J. Chem. Phys.},
  year    = {2012},
  volume  = {136},
  pages   = {244510},
}

@Article{Bar97,
  author  = {M. Barranco and M. Pi and S. M. Gatica and E. S. Hern\'andez and J. Navarro},
  journal = {Phys. Rev. B},
  year    = {1997},
  volume  = {56},
  pages   = {8997},
}

@Article{Mat10a,
  author  = {D. Mateo and M. Barranco and J. Navarro},
  journal = {Phys. Rev. B},
  year    = {2010},
  volume  = {82},
  pages   = {134529},
}

@Article{Lea13,
  author  = {A. Leal and D. Mateo and M. Pi and M. Barranco and J. Navarro},
  journal = {J. Chem. Phys.},
  year    = {2013},
  volume  = {139},
  pages   = {174308},
}

@Article{Her07,
  author  = {A. Hernando and R. Mayol and M. Pi and M. Barranco and F. Ancilotto and O. B\"unermann and F. Stienkemeier},
  journal = {J. Phys. Chem. A},
  year    = {2007},
  volume  = {111},
  pages   = {7303},
}

@InCollection{Her02,
  author    = {E. S. Hern\'andez and J. Navarro},
  booktitle = {Microscopic approaches to quantum liquids in confined geometries},
  publisher = {World Sci},
  year      = {2002},
  editor    = {E. Krotscheck and J. Navarro},
  pages     = {261},
  address   = {Singapore},
}

@Article{Aba10,
  author  = {M. Abad and M. Guilleumas and R. Mayol and M. Pi and D. M. Jezek},
  journal = {Phys. Rev. A},
  year    = {2010},
  volume  = {81},
  pages   = {043619},
}

@Article{Anc16,
  author  = {F. Ancilotto and M. Barranco and J. Navarro and M. Pi},
  journal = {J. Low Temp. Phys.},
  year    = {2016},
  volume  = {185},
  pages   = {26},
}

@Article{Gar98,
  author       = {F. Garcias and Ll. Serra and M. Casas and M. Barranco},
  journal      = {J. Chem. Phys.},
  year         = {1998},
  volume       = {108},
  pages        = {9102},
  unidentified = {{\it ibid}. {\bf 115}, 10154 (2001).},
}

@Article{Par66,
  author  = {P. E. Parks and R. J. Donnelly},
  journal = {Phys. Rev. Lett.},
  year    = {1966},
  volume  = {16},
  pages   = {45},
}

@Article{Tho69,
  author  = {D. J. Thouless},
  journal = {Ann. Phys. (N.Y.)},
  year    = {1969},
  volume  = {52},
  pages   = {403},
}

@Article{Don81,
  author  = {R. J. Donnelly and J. A. Donnelly and R. N. Hills},
  journal = {J. Low Temp. Phys.},
  year    = {1981},
  volume  = {44},
  pages   = {471},
}

@Article{Fri05,
  author  = {M. Frigo and S. G. Johnson},
  journal = {Proc. IEEE},
  year    = {2005},
  volume  = {93},
  pages   = {216},
}

@Article{Dal96,
  author  = {F. Dalfovo and S. Stringari},
  journal = {Phys. Rev. A},
  year    = {1996},
  volume  = {53},
  pages   = {2477},
}

@Article{Van14,
  author  = {J. von Vangerow and A. Stieg and F. Stienkemeier and M. Mudrich and A. Leal and D. Mateo and A. Hernando and M. Barranco and M. Pi},
  journal = {J. Phys. Chem. A},
  year    = {2014},
  volume  = {118},
  pages   = {6604},
}

@Article{Mat14,
  author  = {D. Mateo and A. Leal and A. Hernando and M. Barranco and M. Pi and F. Cargnoni and M. Mella and X. Zhang and M. Drabbels},
  journal = {J. Chem. Phys.},
  year    = {2014},
  volume  = {140},
  pages   = {131101},
}

@Article{Her12a,
  author  = {A. Hernando and M. Barranco and M. Pi and E. Loginov and M. Langlet and M. Drabbels},
  journal = {Phys. Chem. Chem. Phys.},
  year    = {2012},
  volume  = {14},
  pages   = {3996},
}

@Book{Wya05,
  title     = {Quantum Dynamics with Trajectories},
  publisher = {Springer},
  year      = {2005},
  author    = {R. E. Wyatt},
  address   = {New York},
}

@Article{Her08a,
  author  = {A. Hernando and M. Barranco and R. Mayol and M. Pi and M. Kro\'snicki},
  journal = {Phys. Rev. B},
  year    = {2008},
  volume  = {77},
  pages   = {024513},
}

@Article{Jak97,
  author  = {Z. J. Jakubek and Q. Hui and M. Takami},
  journal = {Phys. Rev. Lett.},
  year    = {1997},
  volume  = {79},
  pages   = {629},
}

@Article{Lea16,
  author  = {A. Leal and X. Zhang and M. Barranco and F. Cargnoni and A. Hernando and D. Mateo and M. Mella and M. Drabbels and M. Pi},
  journal = {J. Chem. Phys.},
  year    = {2016},
  volume  = {144},
  pages   = {094302},
}

@Article{Mel14,
  author  = {M. Mella and F. Cargnoni},
  journal = {J. Phys. Chem. A},
  year    = {2014},
  volume  = {118},
  pages   = {6473},
}

@Article{Nak01,
  author  = {A. Nakayama and K. Yamashita},
  journal = {J. Chem. Phys.},
  year    = {2001},
  volume  = {114},
  pages   = {780},
}

@Article{Net05,
  author  = {D. Nettels and A. Hofer and P. Moroshkin and R. {M\"uller-Siebert} and S. Ulzega and A. Weis},
  journal = {Phys. Rev. Lett.},
  year    = {2005},
  volume  = {94},
  pages   = {063001},
}

@Book{Ral60,
  title     = {Mathematical methods for digital computers},
  publisher = {John Wiley and Sons},
  year      = {1960},
  author    = {A. Ralston and H. S. Wilf},
  address   = {New York},
}

@Book{Pre92,
  title     = {Numerical Recipes},
  publisher = {Cambridge University Press},
  year      = {1992},
  author    = {W. H. Press and S. A. Teukolsky and W. T. Vetterling and B. P. Flannery},
  address   = {Cambridge},
}

@Unpublished{Bar16,
  author = {M. Barranco and J. Eloranta and A. Hernando and M. Pi},
  title  = {unpublished (2016)},
}

@Article{Sti97,
  author  = {F. Stienkemeier and F. Meier and H. O. Lutz},
  journal = {J. Chem. Phys.},
  year    = {1997},
  volume  = {107},
  pages   = {10816},
}

@Article{Sti99,
  author  = {F. Stienkemeier and F. Meier and H. O. Lutz},
  journal = {Eur. Phys. J. D},
  year    = {1999},
  volume  = {9},
  pages   = {313},
}

@Article{Ler93,
  author  = {P. B. Lerner and M. B. Chadwick and I. M. Sokolov},
  journal = {J. Low Temp. Phys.},
  year    = {1998},
  volume  = {111},
  pages   = {661},
}

@Article{Mat11b,
  author  = {D. Mateo and A. Hernando and M. Barranco and R. Mayol and M. Pi},
  journal = {Phys. Rev. B},
  year    = {2011},
  volume  = {83},
  pages   = {174505},
}

@Article{Anc95,
  author  = {F. Ancilotto and P. B. Lerner and M. W. Cole},
  journal = {J. Low Temp. Phys.},
  year    = {1995},
  volume  = {101},
  pages   = {1123},
}

@Article{Bue07,
  author  = {O. B\"unermann and G. Droppelmann and A. Hernando and R. Mayol and F. Stienkemeier},
  journal = {J. Phys. Chem. A},
  year    = {2007},
  volume  = {111},
  pages   = {12684},
}

@Article{Her10,
  author  = {A. Hernando and M. Barranco and R. Mayol and M. Pi and F. Ancilotto and O. B\"unermann and F. Stienkemeier},
  journal = {J. Low Temp. Phys.},
  year    = {2010},
  volume  = {158},
  pages   = {105},
}

@Article{Her11,
  author  = {A. Hernando and R. Mayol and M. Pi and M. Barranco and I. S. K. Kerkines and A. Mavridis},
  journal = {Int. J. of Quantum Chem.},
  year    = {2011},
  volume  = {111},
  pages   = {400},
}

@Article{Lac13,
  author  = {F. Lackner and J. Poms and G. Krois and J. V. Pototschnig and W. E. Ernst},
  journal = {J. Phys. Chem. A},
  year    = {2013},
  volume  = {117},
  pages   = {11866},
}

@Article{Cal11b,
  author  = {C. Callegari and F. Ancilotto},
  journal = {J. Phys. Chem. A},
  year    = {2011},
  volume  = {115},
  pages   = {6789},
}

@Article{Pif10,
  author  = {A. Pifrader and O. Allard and G. Aub\"ock and C. Callegari and W. E. Ernst and R. Hubert and F. Ancilotto},
  journal = {J. Chem. Phys.},
  year    = {2010},
  volume  = {133},
  pages   = {164502},
}

@Article{Log11a,
  author  = {E. Loginov and C. Callegari and F. Ancilotto and M. Drabbels},
  journal = {J. Phys. Chem. A},
  year    = {2011},
  volume  = {115},
  pages   = {6779},
}

@Article{Her13,
  author  = {A. Hernando and J. A. Beswick and N. Halberstadt},
  journal = {J. Chem. Phys.},
  year    = {2013},
  volume  = {139},
  pages   = {221102},
}

@Article{Del12,
  author  = {D. Dell'Angelo and G. Guillon and A. Viel},
  journal = {J. Chem. Phys.},
  year    = {2012},
  volume  = {136},
  pages   = {114308},
}

@Article{Log15,
  author  = {E. Loginov and A. Hernando and J. A. Beswick and N. Halberstadt and M. Drabbels},
  journal = {J. Phys. Chem. A},
  year    = {2015},
  volume  = {119},
  pages   = {6033},
}

@Article{Ger16,
  author  = {B. Gervais and D. Zanuttini and J. Douady},
  journal = {J. Chem. Phys.},
  year    = {2016},
  volume  = {144},
  pages   = {194307},
}

@Article{Clo98,
  author  = {J. D. Close and F. Federman and K. Hoffmann and N. Quass},
  journal = {J. Low Temp. Phys.},
  year    = {1998},
  volume  = {111},
  pages   = {661},
}

@Article{Mat10b,
  author  = {D. Mateo and A. Hernando and M. Barranco and M. Pi},
  journal = {J. Low Temp. Phys.},
  year    = {2010},
  volume  = {158},
  pages   = {397},
}

@Article{Gom14,
  author = {Gomez, Luis F. and Ferguson, Ken R. and Cryan, James P. and Bacellar, Camila and Tanyag, Rico Mayro P. and Jones, Curtis and Schorb, Sebastian and Anielski, Denis and Belkacem, Ali and Bernando, Charles and Boll, Rebecca and Bozek, John and Carron, Sebastian and Chen, Gang and Delmas, Tjark and Englert, Lars and Epp, Sascha W. and Erk, Benjamin and Foucar, Lutz and Hartmann, Robert and Hexemer, Alexander and Huth, Martin and Kwok, Justin and Leone, Stephen R. and Ma, Jonathan H. S. and Maia, Filipe R. N. C. and Malmerberg, Erik and Marchesini, Stefano and Neumark, Daniel M. and Poon, Billy and Prell, James and Rolles, Daniel and Rudek, Benedikt and Rudenko, Artem and Seifrid, Martin and Siefermann, Katrin R. and Sturm, Felix P. and Swiggers, Michele and Ullrich, Joachim and Weise, Fabian and Zwart, Petrus and Bostedt, Christoph and Gessner, Oliver and Vilesov, Andrey F.},
  journal = {Science},
  year    = {2014},
  volume  = {345},
  pages   = {906},
}

@Article{Jon16,
  author = {Jones, Curtis F. and Bernando, Charles and Tanyag, Rico Mayro P. and Bacellar, Camila and Ferguson, Ken R. and Gomez, Luis F. and Anielski, Denis and Belkacem, Ali and Boll, Rebecca and Bozek, John and Carron, Sebastian and Cryan, James and Englert, Lars and Epp, Sascha W. and Erk, Benjamin and Foucar, Lutz and Hartmann, Robert and Neumark, Daniel M. and Rolles, Daniel and Rudenko, Artem and Siefermann, Katrin R. and Weise, Fabian and Rudek, Benedikt and Sturm, Felix P. and Ullrich, Joachim and Bostedt, Christoph and Gessner, Oliver and Vilesov, Andrey F.},
 journal = {Phys. Rev. B},
  year    = {2016},
  volume  = {93},
  pages   = {180510(R)},
}

@Article{Mel05,
  author  = {M. Mella and G. Calderoni and F. Cargnoni},
  journal = {J. Chem. Phys.},
  year    = {2005},
  volume  = {123},
  pages   = {054328},
}

@Unpublished{Elh07,
  author = {M. Elhiyani and M. Lewerenz},
  note   = {contribution to the XXII International Symposium on Molecular Beams, University of Freiburg},
  year   = {2007},
}

@Unpublished{Elh08,
  author  = {M. Elhiyani and M. Lewerenz},
  year    = {2008},
  comment = {contribution to the 16th. Symposium on Atomic and Surface Physics and Related Topics, Innsbruck University Press},
}

@Article{Nav12,
  author  = {J. Navarro and D. Mateo and M. Barranco and A. Sarsa},
  journal = {J. Chem. Phys.},
  year    = {2012},
  volume  = {136},
  pages   = {054301},
}

@Article{Her09a,
  author  = {A. Hernando and F. Ancilotto and M. Barranco and R. Mayol and M. Pi},
  journal = {J. of Physics: Conf. Ser.},
  year    = {2009},
  volume  = {150},
  pages   = {032003},
}

@Article{Reh00,
  author  = {J. Reho and U. Merker and M. R. Radcliff and K. K. Lehmann and G. Scoles},
  journal = {J. Chem. Phys.},
  year    = {2000},
  volume  = {112},
  pages   = {8409},
}

@Article{Prz08,
  author  = {A. Przystawik and S. G\"ode and T. D\"oppner and J. Tiggesb\"aumker and {K-H}. {Meiwes-Broer}},
  journal = {Phys. Rev. A},
  year    = {2008},
  volume  = {78},
  pages   = {021202(R)},
}

@Article{Ren07,
  author  = {Y. Ren and V. V. Kresin},
  journal = {Phys. Rev. A},
  year    = {2007},
  volume  = {76},
  pages   = {043204},
}

@Article{Lew95,
  author  = {M. Lewerenz and B. Schilling and J. P. Toennies},
  journal = {J. Chem. Phys.},
  year    = {1995},
  volume  = {102},
  pages   = {8191},
}

@Article{Gor04,
  author  = {E. B. Gordon},
  journal = {J. Low Temp. Phys.},
  year    = {2004},
  volume  = {30},
  pages   = {756},
}

@Article{Gor14,
  author  = {E. B. Gordon and A. V. Karabulin and A. A. Morozov and V. I. Matyushenko and V. D. Sizov and I. I. Khodos},
  journal = {J. Phys. Chem. Lett.},
  year    = {2014},
  volume  = {5},
  pages   = {1072},
}

@Article{Gor15,
  author  = {E. B. Gordon and A. V. Karabulin and V. I. Matyushenko and V. D. Sizov and I. I. Khodos},
  journal = {Laser Phys. Lett.},
  year    = {2015},
  volume  = {12},
  pages   = {096002},
}

@Article{Elo08,
  author  = {J. Eloranta},
  journal = {Phys. Rev. B},
  year    = {2008},
  volume  = {77},
  pages   = {134301},
}

@Article{Hau15,
  author  = {A. W. Hauser and A. Volk and Ph. Thaler and W. E. Ernst},
  journal = {Phys. Chem. Chem. Phys.},
  year    = {2015},
  volume  = {17},
  pages   = {10805},
}

@Article{Her08b,
  author  = {A. Hernando and M. Barranco and R. Mayol and M. Pi and F. Ancilotto},
  journal = {Phys. Rev. B},
  year    = {2008},
  volume  = {78},
  pages   = {184515},
}

@Article{Kro16,
  author  = {E. Krotscheck and R. E. Zillich},
  journal = {J. Chem. Phys.},
  year    = {2016},
  volume  = {145},
  pages   = {244317},
}

@Article{Log11c,
  author  = {E. Loginov and L. F. Gomez and N. Chiang and A. Halder and N. Guggemos and V. V. Kresin and A. F. Vilesov},
  journal = {Phys. Rev. Lett.},
  year    = {2011},
  volume  = {106},
  pages   = {233401},
}

@Article{Dou10,
  author  = {G. E. Douberly and P. L. Stiles and R. E. Miller and R. Schmied and K. K. Lehmann},
  journal = {J. Phys. Chem. A},
  year    = {2010},
  volume  = {114},
  pages   = {3391},
}

@Article{Pom12,
  author  = {J. Poms and A. W. Hauser and W. E. Ernst},
  journal = {Phys. Chem. Chem. Phys.},
  year    = {2012},
  volume  = {14},
  pages   = {15165},
}

@Article{Ren16,
  author  = {M. Renzler and M. Daxner and L. Kranabetter and A. Kaiser and A. W. Hauser and W. E. Ernst and A. Lindinger and R. E. Zillich},
  journal = {J. Chem. Phys.},
  year    = {2016},
  volume  = {145},
  pages   = {181101},
}

@Article{Mas12,
  author  = {A. Masson and M. Briant and A. Hernando and N. Halberstadt and {J.-M. Mestdagh} and {M.-A. Gaveau}},
  journal = {J. Chem. Phys.},
  year    = {2012},
  volume  = {137},
  pages   = {184310},
}

@Article{Her12b,
  author  = {A. Hernando and A. Masson and M. Briant and {J.-M. Mestdagh} and {M.-A. Gaveau} and N. Halberstadt},
  journal = {J. Chem. Phys.},
  year    = {2012},
  volume  = {137},
  pages   = {184311},
}

@Article{Lug00,
  author  = {E. Lugovoj and J. P. Toennies and A. F. Vilesov},
  journal = {J. Chem. Phys.},
  year    = {2000},
  volume  = {112},
  pages   = {8217},
}

@Article{Hol15,
  author  = {J. H\"oller and E. Krotscheck and R. E. Zillich},
  journal = {Eur. Phys. J. D},
  year    = {2015},
  volume  = {69},
  pages   = {198},
}

@Article{Sta10,
  author  = {C. Stark and V. V. Kresin},
  journal = {Phys. Rev. B},
  year    = {2010},
  volume  = {81},
  pages   = {085401},
}

@Article{Hol14,
  author  = {J. H\"oller and E. Krotscheck and R. E. Zillich},
  journal = {Eur. Phys. J. D},
  year    = {2014},
  volume  = {68},
  pages   = {372},
}

@Article{Kwo10,
  author  = {Y. Kwon and H. Shin},
  journal = {Phys. Rev. B},
  year    = {2010},
  volume  = {82},
  pages   = {172506},
}

@Article{Shi12,
  author  = {H. Shin and Y. Kwon},
  journal = {J. Chem. Phys.},
  year    = {2012},
  volume  = {136},
  pages   = {064514},
}

@Article{Moz07,
  author  = {V. Mozhayskiy and M. N. Slipchenko and V. K. Adamchuk and A. F. Vilesov},
  journal = {J. Chem. Phys.},
  year    = {2007},
  volume  = {127},
  pages   = {094701},
}

@Article{Log13,
  author  = {E. Loginov and L. F. Gomez and A. F. Vilesov},
  journal = {Phys. Chem. A},
  year    = {2013},
  volume  = {117},
  pages   = {11771},
}

@Article{Hau16,
  author        = {A. W. Hauser and M. P. de Lara-Castells},
  journal       = {J. Phys. Chem. Lett.},
  year          = {2016},
  volume        = {7},
  pages         = {4929},
}

@Article{Cle93,
  author        = {B. E. Clements and E. Krotscheck and H. J. Lauter},
  journal       = {Phys. Rev. Lett.},
  year          = {1993},
  volume        = {70},
  pages         = {1287},
}

@Article{Hern11,
  author        = {E. S. Hern\'andez},
  journal       = {J. Low Temp. Phys.},
  year          = {2011},
  volume        = {162},
  pages         = {583},
}

@Article{Gua09,
  author        = {R. Guardiola and J. Navarro and D. Mateo and M. Barranco},
  journal       = {J. Chem. Phys.},
  year          = {2009},
  volume        = {131},
  pages         = {174110},
}

@Article{Gre98,
  author        = {S. Grebenev and J. P. Toennies and A. F. Vilesov},
  journal       = {Science},
  year          = {1998},
  volume        = {279},
  pages         = {2083},
}

@Article{Bue09,
  author        = {O. B\"unermann and M. Dvorak and F. Stienkemeier and A. Hernando and R. Mayol and M. Pi and M. Barranco and F. Ancilotto},
  journal       = {Phys. Rev. B},
  year          = {2009},
  volume        = {79},
  pages         = {214511},
}

@Article{Ced97,
  author        = {L. S. Cederbaum and J. Zobeley and F. Tarantelli},
  journal       = {Phys. Rev. Lett.},
  year          = {1997},
  volume        = {79},
  pages         = {4778},
}

@Article{Kry13,
  author        = {N. V. Kryzhevoi and D. Mateo and M. Pi and M. Barranco and L. S. Cederbaum},
  journal       = {Phys. Chem. Chem. Phys.},
  year          = {2013},
  volume        = {15},
  pages         = {18167},
}

@Article{Kry07,
  author        = {N. V. Kryzhevoi and V. Averbukh and L. S. Cederbaum},
  journal       = {Phys. Rev. B},
  year          = {2007},
  volume        = {76},
  pages         = {094513},
}

@Article{Mat09b,
  author        = {D. Mateo and M. Barranco and R. Mayol and M. Pi},
  journal       = {Eur. Phys. J. D},
  year          = {2009},
  volume        = {52},
  pages         = {63},
}

@Article{Mat09a,
  author        = {D. Mateo and M. Barranco and R. Mayol and J. Navarro and M. Pi},
  journal       = {J. of Physics: Conf. Ser.},
  year          = {2009},
  volume        = {150},
  pages         = {032051},
}

@Article{Gui93,
  author        = {M. Guilleumas and F. Garcias and M. Barranco and M. Pi and E. Suraud},
  journal       = {Z. Phys. D},
  year          = {1993},
  volume        = {26},
  pages         = {385},
}

@Article{Mat15b,
  author        = {D. Mateo and F. Gonzalez and J. Eloranta},
  journal       = {J. Phys. Chem. A},
  year          = {2015},
  volume        = {119},
  pages         = {2262},
}

@Article{Buz01,
  author        = {M. Buzzacchi and D. E. Galli and L. Reatto},
  journal       = {Phys. Rev. B},
  year          = {2001},
  volume        = {64},
  pages         = {094512},
}

@Article{Sar12,
  author        = {B. G. Sartakov and J. P. Toennies and A. F. Vilesov},
  journal       = {J. Chem. Phys.},
  year          = {2012},
  volume        = {136},
  pages         = {134316},
}

@Article{Mat13a,
  author        = {D. Mateo and M. Pi and J. Navarro and J. P. Toennies},
  journal       = {J. Chem. Phys.},
  year          = {2013},
  volume        = {138},
  pages         = {044321},
}

@Article{Poe09,
  author        = {N. P\"ortner and J. P. Toennies and A. F. Vilesov and G. Benedek and W. Hizhnyakov},
  journal       = {Europhys. Lett.},
  year          = {2009},
  volume        = {88},
  pages         = {26007},
}

@Article{Ben12,
  author        = {G. Benedek and V. Hizhnyakov},
  journal       = {Chem. Phys. Lett.},
  year          = {2012},
  volume        = {548},
  pages         = {17},
}

@Unpublished{May03,
}

@InCollection{Bar02,
  author        = {M. Barranco and M. Guilleumas and M. Pi and D. M. Jezek},
  booktitle     = {Microscopic approaches to quantum liquids in confined geometries},
  publisher     = {World Sci},
  year          = {2002},
  editor        = {E. Krotscheck and J. Navarro},
  pages         = {319},
  address       = {Singapore},
}

@Article{Bal02,
  author        = {S. Balibar},
  journal       = {J. Low Temp. Phys.},
  year          = {2002},
  volume        = {129},
  pages         = {363},
}

@Article{Mar08,
  author        = {H. J. Maris},
  journal       = {J. Phys. Soc. Jpn.},
  year          = {2008},
  volume        = {77},
  pages         = {111008},
}

@Article{Bar13,
  author        = {J. Barrag\'an and D. Mateo and M. Pi and F. Salvat and M. Barranco and H. J. Maris},
  journal       = {J. Low Temp. Phys.},
  year          = {2013},
  volume        = {171},
  pages         = {171},
}

@Article{Che94,
}

@Article{Tab97,
  author        = {B. Tabbert and H. G\"unther and G. {zu Putlitz}},
  journal       = {J. Low Tem. Phys.},
  year          = {1997},
  volume        = {109},
  pages         = {653},
}

@Inbook{Cou09,
author={Coutinho, Kaline and Canuto, Sylvio and Mukherjee, Prasanta K. and Fricke, Burkhard},
editor={Piecuch, Piotr and Maruani, Jean and Delgado-Barrio, Gerardo and Wilson, Stephen},
title={Spectroscopy of Atoms in Liquid Helium Environment: A Theoretical Perspective},
bookTitle={Advances in the Theory of Atomic and Molecular Systems: Dynamics, Spectroscopy, Clusters, and Nanostructures},
year={2009},
publisher={Springer Netherlands},
address={Dordrecht},
pages={183},
}

@Article{Mar00,
  author        = {H. J. Maris},
  journal       = {J. Low Temp. Phys.},
  year          = {2000},
  volume        = {173},
  pages         = {78},
}

@Article{Mar15,
  author        = {W. Wei and Z. Xie and L. N. Cooper and G. M. Seidel and H. J. Maris},
  journal       = {J. Low Temp. Phys.},
  year          = {2015},
  volume        = {178},
  pages         = {78},
}

@Article{Tem07,
  author        = {J. Tempere and I. F. Silvera and J. T. Devreese},
  journal       = {Sur. Sci. Rep},
  year          = {2007},
  volume        = {62},
  pages         = {159},
}

@Article{Guo08,
  author        = {W. Guo and D. Jin and H. J. Maris},
  journal       = {Phys. Rev. B},
  year          = {2008},
  volume        = {78},
  pages         = {014511},
}

@Article{Gia03,
  author        = {L. Giacomazzi and F. Toigo and F. Ancilotto},
  journal       = {Phys. Rev. B},
  year          = {2003},
  volume        = {67},
  pages         = {104501},
}

@Article{Mat15c,
  author        = {D. Mateo and J. Eloranta},
  journal       = {J. Phys. Chem. A},
  year          = {2014},
  volume        = {118},
  pages         = {6407},
}

@Article{Gar16,
  author        = {A. Garcia and X. Buelna and E. Popov and J. Eloranta},
  journal       = {J. Chem. Phys.},
  year          = {2016},
  volume        = {145},
  pages         = {124504},
}

@Article{Leh04,
  author        = {L. Lehtovaara and T. Kiljunen and J. Eloranta},
  journal       = {J. Comput. Phys.},
  year          = {2004},
  volume        = {194},
  pages         = {78},
}

@Article{Leh07b,
  author        = {L. Lehtovaara and J. Toivanen and J. Eloranta},
  journal       = {J. Comput. Phys.},
  year          = {2007},
  volume        = {221},
  pages         = {148},
  comment       = {CHECK Comp OR Comput.},
}

@Article{Leh07,
  author        = {L. Lehtovaara and J. Eloranta},
  journal       = {J. Low Temp. Phys.},
  year          = {2007},
  volume        = {148},
  pages         = {43},
}

@Article{Gri92,
  author        = {C. C. Grimes and G. Adams},
  journal       = {Phys. Rev. B},
  year          = {1992},
  volume        = {45},
  pages         = {2305},
}

@Article{Elo02,
  author        = {J. Eloranta and V. A. Apkarian},
  journal       = {J. Chem. Phys.},
  year          = {2002},
  volume        = {117},
  pages         = {10139},
}

@Article{Gra06,
  author        = {V. Grau and M. Barranco and R. Mayol and M. Pi},
  journal       = {Phys. Rev. B},
  year          = {2006},
  volume        = {73},
  pages         = {064502},
}

@Article{Cla98,
  author        = {J. Classen and {C.-K. Su} and M. Mohazzab and H. J. Maris},
  journal       = {Phys. Rev. B},
  year          = {1998},
  volume        = {57},
  pages         = {3000},
}

@Article{Pi05,
  author        = {M. Pi and M. Barranco and R. Mayol and V. Grau},
  journal       = {J. Low Temp. Phys.},
  year          = {2005},
  volume        = {139},
  pages         = {397},
}

@Article{Gho05,
  author        = {A. Ghosh and H. J. Maris},
  journal       = {Phys. Rev. B},
  year          = {2005},
  volume        = {72},
  pages         = {054512}}

@Article{Kon03,
  author        = {D. Konstantinov and H. J. Maris},
  journal       = {Phys. Rev. Lett.},
  year          = {2003},
  volume        = {90},
  pages         = {025302}}

@Article{Mat10c,
  author        = {D. Mateo and M. Pi and M. Barranco},
  journal       = {Phys. Rev. B},
  year          = {2010},
  volume        = {81},
  pages         = {174510},
  __markedentry = {[Nadine:6]},
}

@Article{Anc05b,
  author        = {F. Ancilotto and F. Dalfovo and L. P. Pitaevskii and F. Toigo},
  journal       = {Phys. Rev. B},
  year          = {2005},
  volume        = {71},
  pages         = {104530}}

@Article{Sti03,
  author        = {P. Claas and S. O. Mende and F. Stienkemeier},
  journal       = {Rev. Sci. Instrum.},
  year          = {2003},
  volume        = {74},
  pages         = {4071}}

@Article{Den69,
  author        = {W. S. Dennis and E. {Durbin, Jr.} and W. A. Fitzsimmons and O. Heybey and G. K. Walters},
  journal       = {Phys. Rev. Lett.},
  year          = {1969},
  volume        = {23},
  pages         = {1083}}

@Article{Hil71,
  author        = {J. C. Hill and O. Heybey and G. K. Walters},
  journal       = {Phys. Rev. Lett.},
  year          = {1971},
  volume        = {26},
  pages         = {1213}}

@Article{Ben02,
  author        = {A. V. Benderskii and J. Eloranta and R. Zadoyan and V. A. Apkarian},
  journal       = {J. Chem. Phys.},
  year          = {2002},
  volume        = {117},
  pages         = {1201}}

@Article{Zme13,
  author        = {D. E. Zmeev and F. Pakpour and P. M. Walmsley and A. I. Golov and W. Guo and D. N. McKinsey and G. G. Ihas and P. V. E. McClintock and S. N. Fisher and W. F. Vinen},
  journal       = {Phys. Rev. Lett.},
  year          = {2013},
  volume        = {110},
  pages         = {175303}}

@Article{Elo01,
  author        = {J. Eloranta and V. A. Apkarian},
  journal       = {J. Chem. Phys.},
  year          = {2001},
  volume        = {115},
  pages         = {752}}

@Article{Bon12,
  author        = {N. Bonifaci and F. Aitken and V. M. Atrazhev and S. L. Fiedler and J. Eloranta},
  journal       = {Phys. Rev. A},
  year          = {2012},
  volume        = {85},
  pages         = {042706}}

@Article{Fie14,
  author        = {S. L. Fiedler and J. Eloranta},
  journal       = {J. Low Temp. Phys.},
  year          = {2014},
  volume        = {174},
  pages         = {269}}

@Article{Bon16,
  author        = {N. Bonifaci and Z. Li and J. Eloranta and S. L. Fiedler},
  journal       = {J. Phys. Chem. A},
  year          = {2016},
  volume        = {120},
  pages         = {9019}}

@Article{Elo02b,
  author        = {J. Eloranta and N. Schwentner and V. A. Apkarian},
  journal       = {J. Chem. Phys.},
  year          = {2002},
  volume        = {116},
  pages         = {4039}}

@Article{Elo04,
  author        = {J. Eloranta and H. {Ye.} Seferyan and V. A. Apkarian},
  journal       = {Chem. Phys. Lett.},
  year          = {2004},
  volume        = {396},
  pages         = {155}}

@Article{Hic75,
  author        = {A. P. Hickman and N. F. Lane},
  journal       = {Phys. Rev. B},
  year          = {1975},
  volume        = {12},
  pages         = {3705}}

@Article{Sol74,
  author        = {F. J. Soley and W. A. Fitzsimmons},
  journal       = {Phys. Rev. Lett.},
  year          = {1974},
  volume        = {32},
  pages         = {988}}

@Article{Elo07,
  author        = {J. Eloranta},
  journal       = {Chem. Phys.},
  year          = {2007},
  volume        = {332},
  pages         = {304}}

@Unpublished{note-drabbels,
  author        = {M. Drabbels},
  note          = {private communication},
  year          = {2016}}

@Article{Bra04,
  author        = {A. Braun and M. Drabbels},
  journal       = {Phys. Rev. Lett.},
  year          = {2004},
  volume        = {93},
  pages         = {253401}}

@Article{Gal11,
  author        = {D. E. Galli and D. M. Ceperley and L. Reatto},
  journal       = {J. Phys. Chem. A},
  year          = {2011},
  volume        = {115},
  pages         = {7300}}

@Article{Pao07,
  author        = {S. Paolini and F. Ancilotto and F. Toigo},
  journal       = {J. Chem. Phys.},
  year          = {2007},
  volume        = {126},
  pages         = {124317}}

@Article{Lan12,
  author        = {L. {An der Lan} and P. Bartl and {Ch.} Leidlmair and R. Jochum and S. Denifl and O. Echt and P. Scheier},
  journal       = {Chem. Eur. J.},
  year          = {2012},
  volume        = {18},
  pages         = {4411}}

@Article{Bar14,
  author        = {P. Bartl and {Ch}. Leidlmair and S. Denifl and P. Scheier and O. Echt},
  journal       = {J. Phys. Chem. A},
  year          = {2014},
  volume        = {118},
  pages         = {8050}}

@Article{Tra15,
  author        = {F. Tramonto and P. Salvestrini and M. Nava and D. E. Galli},
  journal       = {J. Low Temp. Phys.},
  year          = {2015},
  volume        = {180},
  pages         = {29}}

@Article{Iss14,
  author        = {N. Issaoui and K. Abdessalem and H. Ghalla and S. J. Yaghmour and F. Calvo and B. Ouija},
  journal       = {J. Chem. Phys.},
  year          = {2014},
  volume        = {141},
  pages         = {174316}}

@Article{Sla10,
  author        = {P. Slav\'{\i}\u{c}ek and M. Lewerenz},
  journal       = {Phys. Chem. Chem. Phys.},
  year          = {2010},
  volume        = {12},
  pages         = {1152}}

@Article{Dop07,
  author        = {T. D\"oppner and T. Diederich and A. Przystawik and N. X. Truong and T. Fennel and J. Tiggesb\"aumker and {K.-H}. {Meiwes-Broer}},
  journal       = {Phys. Chem. Chem. Phys.},
  year          = {2007},
  volume        = {9},
  pages         = {4639}}

@Article{Log11b,
  author        = {E. Loginov and M. Drabbels},
  journal       = {Phys. Rev. Lett.},
  year          = {2011},
  volume        = {106},
  pages         = {083401}}

@Article{Mue09,
  author        = {S. M\"uller and M. Mudrich and F. Stienkemeier},
  journal       = {J. Chem. Phys.},
  year          = {2009},
  volume        = {131},
  pages         = {044319}}

@Article{The11,
  author        = {M. Theisen and F. Lackner and W. E. Ernst},
  journal       = {J. Chem. Phys.},
  year          = {2011},
  volume        = {135},
  pages         = {074306}}

@Article{Zha12,
  author        = {X. Zhang and M. Drabbels},
  journal       = {J. Chem. Phys.},
  year          = {2012},
  volume        = {137},
  pages         = {051102}}

@Article{The10,
  author        = {M. Theisen and F. Lackner and W. E. Ernst},
  journal       = {Phys. Chem. Chem. Phys.},
  year          = {2010},
  volume        = {12},
  pages         = {14861}}

@Article{Rey86,
  author        = {H. J. Reyher and H. Bauer and C. Huber and R. Mayer and A. Schafer and A. Winnacker},
  journal       = {Phys. Lett. A},
  year          = {1986},
  volume        = {115},
  pages         = {238}}

@Article{Anc09a,
  author        = {F. Ancilotto and M. Barranco and M. Pi},
  journal       = {Phys. Rev. B},
  year          = {2009},
  volume        = {80},
  pages         = {174504}}

@Article{Gom12,
  author        = {L. F. Gomez and E. Loginov and A. F. Vilesov},
  journal       = {Phys. Rev. Lett.},
  year          = {2012},
  volume        = {108},
  pages         = {155302}}

@Article{Bra13,
  author        = {N. B. Brauer and S. Smolarek and E. Loginov and D. Mateo and A. Hernando and M. Pi and M. Barranco and W. J. Buma and M. Drabbels},
  journal       = {Phys. Rev. Lett.},
  year          = {2013},
  volume        = {111},
  pages         = {153002}}

@Article{Wil74,
  author        = {G. A. Williams and R. E. Packard},
  journal       = {Phys. Rev. Lett.},
  year          = {1974},
  volume        = {33},
  pages         = {280}}

@Article{Wil75,
  author        = {G. A. Williams and R. E. Packard},
  journal       = {Phys. Rev. Lett.},
  year          = {1975},
  volume        = {35},
  pages         = {237}}

@Article{Zha05,
  author        = {T. Zhang and S. W. {Van Sciver}},
  journal       = {Nature Physics},
  year          = {2005},
  volume        = {1},
  pages         = {36},

  comment       = {CHECK, DOUBLE REFERENCE!!!},
}

@Article{Hes67,
  author        = {G. B. Hess},
  journal       = {Phys. Rev.},
  year          = {1967},
  volume        = {161},
  pages         = {189}}

@Article{Cha65,
  author        = {S. Chandrasekhar},
  journal       = {Proc. R. Soc. London, Ser. A},
  year          = {1965},
  volume        = {286},
  pages         = {1}}

@Article{Bro80,
  author        = {R. A. Brown and L. E. Scriven},
  journal       = {Proc. R. Soc. London, Ser. A},
  year          = {1980},
  volume        = {371},
  pages         = {331}}

@Article{But99,
  author        = {D. A. Butts and D. S. Rokhsar},
  journal       = {Nature},
  year          = {1999},
  volume        = {397},
  pages         = {327}}

@Article{Vil15a,
  author        = {A. Vil\`a and M. Gonz\'alez and R. Mayol},
  journal       = {J. Chem. Theory Comput.},
  year          = {2015},
  volume        = {11},
  pages         = {899}}

@Article{Vil16a,
  author        = {A. Vil\`a and M. Gonz\'alez and R. Mayol},
  journal       = {Phys. Chem. Chem. Phys.},
  year          = {2016},
  volume        = {18},
  pages         = {2409}}

@Article{Vil15b,
  author        = {A. Vil\`a and M. Gonz\'alez and R. Mayol},
  journal       = {Phys. Chem. Chem. Phys.},
  year          = {2015},
  volume        = {17},
  pages         = {32241}}

@Book{Bor07,
  title         = {Ions and electrons in liquid helium},
  publisher     = {Oxford Science Publications},
  year          = {2007},
  author        = {A. F. Borghesani},
  address       = {New York}}

@Article{Bra07a,
  author        = {A. Braun and M. Drabbels},
  journal       = {J. Chem. Phys.},
  year          = {2007},
  volume        = {127},
  pages         = {114303}}

@Article{Bra07b,
  author        = {A. Braun and M. Drabbels},
  journal       = {J. Chem. Phys.},
  year          = {2007},
  volume        = {127},
  pages         = {114304}}

@Article{Bra07c,
  author        = {A. Braun and M. Drabbels},
  journal       = {J. Chem. Phys.},
  year          = {2007},
  volume        = {127},
  pages         = {114305}}

@Article{Kau15,
  author        = {A. Kautsch and M. Koch and W. E. Ernst},
  journal       = {Phys. Chem. Chem. Phys.},
  year          = {2015},
  volume        = {17},
  pages         = {12310}}

@Article{Bus72,
  author        = {G. E. Busch and K. R. Wilson},
  journal       = {J. Chem. Phys.},
  year          = {1972},
  volume        = {56},
  pages         = {3638}}

@Article{Lac11,
  author        = {F. Lackner and G. Krois and M. Theisen and M. Koch and W. E. Ernst},
  journal       = {Phys. Chem. Chem. Phys.},
  year          = {2011},
  volume        = {13},
  pages         = {18781}}

@Article{Aub08,
  author        = {G. Aub\"ock and J. Nagl and C. Callegari and W. E. Ernst},
  journal       = {Phys. Rev. Lett.},
  year          = {2008},
  volume        = {101},
  pages         = {035301}}

@Article{Lei08,
  author        = {M. Leino and A. Viel and R. E. Zillich},
  journal       = {J. Chem. Phys.},
  year          = {2008},
  volume        = {129},
  pages         = {184308}}

@Article{Sti96,
  author        = {F. Stienkemeier and J. Higgins and C. Callegari and S. I. Kanorsky and W. E. Ernst and G. Scoles},
  journal       = {Z. Phys. D},
  year          = {1996},
  volume        = {38},
  pages         = {253}}

@Article{Reh97,
  author        = {J. Reho and C. Callegari and J. Higgins and W. E. Ernst and K. K. Lehmann and G. Scoles},
  journal       = {Faraday Discuss.},
  year          = {1997},
  volume        = {108},
  pages         = {161}}

@Article{Van15,
  author        = {J. {von Vangerow} and O. John and F. Stienkemeier and M. Mudrich},
  journal       = {J. Chem. Phys.},
  year          = {2015},
  volume        = {143},
  pages         = {034302}}

@Article{Van17,
  author        = {J. {von Vangerow} and F. Coppens and A. Leal and M. Pi and M. Barranco and N. Halberstadt and F. Stienkemeier and M. Mudrich},
  journal       = {J. Phys. Chem. Lett.},
  year          = {2017},
  volume        = {8},
  pages         = {307}}

@Article{Gie12,
  author        = {C. Giese and T. Mullins and B. Gr\"uner and M. Weidem\"uller and F. Stienkemeier and M. Mudrich},
  journal       = {J. Chem. Phys.},
  year          = {2012},
  volume        = {137},
  pages         = {244307}}

@Article{Sch90,
  author        = {A. Scheidemann and J. P. Toennies and J. A. Northby},
  journal       = {Phys. Rev. Lett.},
  year          = {1990},
  volume        = {64},
  pages         = {1899}}

@Article{Eic88,
  author        = {D. Eichenauer and A. Scheidemann and J. P. Toennies},
  journal       = {Z. Phys. D},
  year          = {1988},
  volume        = {8},
  pages         = {295}}

@Article{Kro07,
  author        = {E. Krotscheck and R. E. Zillich},
  journal       = {Eur. Phys. J. D},
  year          = {2007},
  volume        = {43},
  pages         = {113}}

@Article{Kro08,
  author        = {E. Krotscheck and R. E. Zillich},
  journal       = {Phys. Rev. B},
  year          = {2008},
  volume        = {77},
  pages         = {094507}}

@Article{Har98,
  author        = {J. Harms and J. P. Toennies and F. Dalfovo},
  journal       = {Phys. Rev. B},
  year          = {1998},
  volume        = {58},
  pages         = {3341}}

@Article{Har01,
  author        = {J. Harms and J. P. Toennies and M. Barranco and M. Pi},
  journal       = {Phys. Rev. B},
  year          = {2001},
  volume        = {63},
  pages         = {184513}}

@Article{Lea14a,
  author        = {A. Leal and D. Mateo and A. Hernando and M. Pi and M. Barranco},
  journal       = {Phys. Chem. Chem. Phys.},
  year          = {2014},
  volume        = {16},
  pages         = {23206}}

@Article{Che91,
  author        = {E. Cheng and M. W. Cole and W. F. Saam and J. Treiner},
  journal       = {Phys. Rev. Lett.},
  year          = {1991},
  volume        = {67},
  pages         = {1007},

  comment       = {CHECK!!! DOUBLE REFERENCE},
}

@Article{Anc09b,
  author        = {F. Ancilotto and M. Barranco and E. S. Hern\'andez and A. Hernando and M. Pi},
  journal       = {Phys. Rev. B},
  year          = {2009},
  volume        = {79},
  pages         = {104514}}

@Article{Her06,
  author        = {E. S. Hern\'andez and F. Ancilotto and M. Barranco and R. Mayol and M. Pi},
  journal       = {Phys. Rev. B},
  year          = {2006},
  volume        = {73},
  pages         = {245406}}

@Article{Anc09c,
  author        = {F. Ancilotto and M. Barranco and E. S. Hern\'andez and M. Pi},
  journal       = {J. Low Temp. Phys.},
  year          = {2009},
  volume        = {157},
  pages         = {174}}

@Article{Vil16b,
  author        = {A. Vil\`a and M. Gonz\'alez and R. Mayol},
  journal       = {Phys. Chem. Chem. Phys.},
  year          = {2016},
  volume        = {18},
  pages         = {2006}}

@Article{Cop16,
  author        = {F. Coppens and A. Leal and M. Barranco and N. Halberstadt and M. Pi},
  journal       = {J. Low Temp. Phys.},
  year          = {2016},
  doi           = {10.1007/s10909-016-1690-x},
}

@Article{Joh11,
  author        = {G. E. Johnson and Q. Hu and J. Laskin},
  journal       = {Annu. Rev. Anal. Chem.},
  year          = {2011},
  volume        = {4},
  pages         = {83}}

@Article{Log11d,
  author        = {E. Loginov and L. F. Gomez and A. F. Vilesov},
  journal       = {J. Phys. Chem. A},
  year          = {2011},
  volume        = {115},
  pages         = {7199}}

@Article{Vol13,
  author        = {A. Volk and {Ph}. Thaler and M. Koch and E. Fisslthaler and W. Grogger and W. E. Ernst},
  journal       = {J. Chem. Phys.},
  year          = {2013},
  volume        = {138},
  pages         = {214312}}

@Article{Lat14,
  author        = {E. Latimer and D. Spence and C. Feng and A. Boatwright and A. M. Ellis and S. Yang},
  journal       = {Nano Lett.},
  year          = {2014},
  volume        = {14},
  pages         = {2902}}

@Article{Spe14,
  author        = {D. Spence and E. Latimer and C. Feng and A. Boatwright and A. M. Ellis and S. Y. Yang},
  journal       = {Phys. Chem. Chem. Phys.},
  year          = {2014},
  volume        = {16},
  pages         = {6903}}

@Article{Tha14,
  author        = {{Ph}. Thaler and A. Volk and F. Lackner and J. Steurer and D. Knez and W. Grogger and F. Hofer and W. E. Ernst},
  journal       = {Phys. Rev. B},
  year          = {2014},
  volume        = {90},
  pages         = {155442}}

@Article{Agu12,
  author        = {N. F. Aguirre and D. Mateo and A. O. Mitrushchenkov and M. Pi and M. P. {de Lara-Castells}},
  journal       = {J. Chem. Phys.},
  year          = {2012},
  volume        = {136},
  pages         = {124703}}

@Article{deL14,
  author        = {M. P. {de Lara-Castells} and H. Stoll and B. Civalleri and M. Caus\`a and E. Voloshina and A. O. Mitrushchenkov and M. Pi},
  journal       = {J. Chem. Phys.},
  year          = {2014},
  volume        = {141},
  pages         = {151102}}

@Article{deL15,
  author        = {M. P. {de Lara-Castells} and N. F. Aguirre and H. Stoll and A. O. Mitrushchenkov and D. Mateo and M. Pi},
  journal       = {J. Chem. Phys.},
  year          = {2015},
  volume        = {142},
  pages         = {131101}}

@Article{Mor05,
  author        = {Y. Moriwaki and N. Morita},
  journal       = {Eur. Phys. J. D},
  year          = {2005},
  volume        = {33},
  pages         = {323}}

@Article{Pat91,
  author        = {S. H. Patil},
  journal       = {J. Chem. Phys.},
  year          = {1991},
  volume        = {94},
  pages         = {8089}}

@Article{Pas83,
  author        = {J. Pascale},
  journal       = {Phys. Rev. A},
  year          = {1983},
  volume        = {28},
  pages         = {632}}

@Article{Dup90,
  author        = {J. {Dupont-Roc} and M. Himblert and N. Pavloff and J. Treiner},
  journal       = {J. Low Temp. Phys.},
  year          = {1990},
  volume        = {81},
  pages         = {31}}

@Article{Gib99,
  author        = {M. R. Gibbs and K. H. Andersen and W. G. Stirling and H. Schober},
  journal       = {J. Phys.: Condens. Matter},
  year          = {1999},
  volume        = {11},
  pages         = {603}}

@Article{Nan85,
  author        = {G. G. Nancolas and T. Ellis and {P. V. E}. {McClintock} and R. M. Bowley},
  journal       = {Nature},
  year          = {1985},
  volume        = {316},
  pages         = {797}}

@Unpublished{Cop17,
  author        = {F. Coppens and F. Ancilotto and M. Barranco and N. Halberstadt and M. Pi},
  note          = {to be submitted to Phys.\ Chem.\ Chem.\ Phys.},
  year          = {2017}}

@Unpublished{Cop17b,
  author        = {F. Coppens and N. Halberstadt and A. Leal and M. Mudrich and M. Pi and F. Stienkemeier and  J. {von Vangerow} and M. Barranco},
  note          = {unpublished results},
  year          = {2017}}

@Article{Gom11,
  author        = {L. F. Gomez and E. Loginov and R. Sliter and A. F. Vilesov},
  journal       = {J. Chem. Phys.},
  year          = {2011},
  volume        = {135},
  pages         = {154201}}

@Unpublished{Bar17,
  author        = {M. Barranco and F. Coppens and N. Halberstadt and A. Leal and M. Mudrich and M. Pi and F. Stienkemeier and J. von Vangerow},
  note          = {contribution to the Quantum Fluid Cluster Workshop, {Oberg\"urgl}, Austria, June 6-9},
  year          = {2017}}

@Article{Str84,
  author        = {S. Stringari},
  journal       = {Phys. Lett. A},
  year          = {1984},
  volume        = {106},
  pages         = {267}}

@Book{Mei62,
  title         = {Group Theory},
  publisher     = {North-Holland},
  year          = {1962},
  author        = {{P. H. E}. Meier and E. Bauer},
  address       = {Amsterdam}}

@Article{Hos95,
  author        = {T. Hoshi and M. Arai and T. Fujiwara},
  journal       = {Phys. Rev. B},
  year          = {1995},
  volume        = {52},
  pages         = {R5459}}

@Article{Tar85,
  author        = {P. Tarazona},
  journal       = {Phys. Rev. A},
  year          = {1985},
  volume        = {31},
  pages         = {2672}}

@Article{Bar93,
  author        = {M. Barrancoand D. M. Jezek and E. S. Hern\'andez and J. Navarro and {Ll}. Serra,},
  journal       = {Z. Phys. D},
  year          = {1993},
  volume        = {28},
  pages         = {257}}

@Article{Mor99,
  author        = {Y. Moriwaki and N. Morita},
  journal       = {Eur. Phys. J. D},
  year          = {1999},
  volume        = {5},
  pages         = {53}}

@Article{Mor06,
  author        = {Y. Moriwaki and K. Inui and K. Kobayashi and F. Matsushima and N. Morit},
  journal       = {J. Mol. Struc.},
  year          = {2006},
  volume        = {786},
  pages         = {112}}

@Article{Azi95,
  author        = {R. A. Aziz and A. R. Janzen},
  journal       = {Phys. Rev. Lett.},
  year          = {1995},
  volume        = {75},
  number        = {1586}}

@Book{Fet76,
  title         = {The Physics of Liquid and Solid Helium},
  publisher     = {John Wiley and Sons},
  year          = {1976},
  author        = {A. L. Fetter},
  editor        = {K. H. Bennemann and J.B. Ketterson},
  address       = {New York},
  comment       = {page 207},
}

@Article{Ell63,
  author  = {F. O. Ellison},
  journal = {J. Am. Chem. Soc.},
  year    = {1963},
  volume  = {85},
  pages   = {3540},
}

@Article{Ros04,
  author  = {M. Rossi and M. Verona and D. E. Galli and L. Reatto},
  journal = {Phys. Rev. B},
  year    = {2004},
  volume  = {69},
  pages   = {212510},
}

@Article{Fec12,
  author  = {L. Fechner and B. Gr\"uner and A. Sieg and C. Callegari and F. Ancilotto and F. Stienkemeier and M. Mudrich},
  journal = {Phys. Chem. Chem. Phys.},
  year    = {2012},
  volume  = {14},
  pages   = {3843},
}

@Article{Elo11,
  author  = {J. Eloranta},
  title   = {Solvation of atomic fluorine in bulk superfluid {$^4$He}},
  journal = {Low Temp. Phys.},
  year    = {2011},
  volume  = {37},
  pages   = {384},
  doi     = {10.1063/1.3599655},
}

@Article{Mar04,
  author    = {H. J. Maris and A. Ghosh and D. Konstantinov and M. Hirsch},
  title     = {Experiments to Study the Effect of Light on Electron Bubbles in Liquid Helium},
  journal   = {J. Low Temp. Phys.},
  year      = {2004},
  volume    = {134},
  pages     = {227},
  doi       = {10.1023/B:JOLT.0000012560.74554.fb},
}

@Article{Bew06,
  author  = {G. P. Bewley and D. P. Lathrop and K. R. Sreenivasan},
  journal = {Nature},
  year    = {2006},
  volume  = {441},
  pages   = {588},
}

@Article{Tab92,
  author  = {P.Taborek and J. E. Rutledge},
  journal = {Phys. Rev. Lett.},
  year    = {1992},
  volume  = {68},
  pages   = {2184},
}

@ARTICLE{Bon07,
author={D. Bonhommeau and P. T. {Lake Jr.} and C. Le Quiniou and M. Lewerenz 
         and N. Halberstadt}, 
title={Modelling the fragmentation dynamics of ionic clusters inside 
      helium nanodroplets: The case of {H}e$_{100}${N}e$_4^+$},
journal={J. Chem.  Phys.}, volume={126}, pages={051104}, year=2007}

@ARTICLE{Bon08,
author={D. Bonhommeau and M. Lewerenz and N. Halberstadt}, 
title={Fragmentation of ionized doped helium nanodroplets:
       Theoretical evidence for a dopant ejection mechanism},
journal={J. Chem.  Phys.}, volume={128}, pages={054302}, year=2008}

@ARTICLE{Lei11,
author={M. Leino and A. Viel and R. E. Zillich}, 
journal={J. Chem. Phys.}, volume={134}, pages={024316}, year=2011}

@ARTICLE{Zie15,
author={M. P. Ziemkiewicz and D. M. Neumark and O. Gessner},
journal={Int. Rev. Phys. Chem.}, volume={34}, pages={239}, year=2015}

@ARTICLE{Anc03,
author={F. Ancilotto and M. Barranco and M. Pi}, 
journal={Phys. Rev. Lett.}, volume={91}, pages={105302},year=2003}

@ARTICLE{Vol16,
author={A. Volk and  {Ph. Thaler} and D. Knez and A. W. Hauser and J. Steurer and W. Grogger and F. Hofer and W. E. Ernst}, 
journal={Phys. Chem. Chem. Phys.}, volume={18}, pages={1451}, year=2016}

@inBook{Tan17,
author={R. M. P. Tanyag and C. F. Jones and C. Bernando and S. M. O. {O'Connell} and D. Verma and A. F. Vilesov}, 
booktitle={Cold Chemistry:  Molecular Scattering and Reactivity Near Absolute Zero}, 
chapter={8, (to be published)},
title={Experiments with large superfluid helium nanodroplets}, 
editor={A. Osterwalder and O. Dulieu},
pages={},
publisher= {Royal Society of Chemistry}, address={Cambridge, UK}, year= 2017}

@ARTICLE{Ber17,
author={C. Bernando and R. Mayro and  P. Tanyag and  C. Jones and C. Bacellar and M. Bucher and K. R. Ferguson and D. Rupp and M. P. Ziemkiewicz and L. F. Gomez and A. S. Chatterley and T. Gorkhover and M. M\"uller and J. Bozek and S. Carron and J. Kwok and S. L. Butler and {Th.} M\"oller and {Ch.} Bostedt and O. Gessner and A.F. Vilesov},
journal={Phys. Rev. B}, volume={95}, pages={064510}, year=2017}


@ARTICLE{Lan11,
author={L. {An der Lan} and P. Bartl and C. Leidlmair and H. Sch\"obel and R. Jochum and S. Denifl and T. D. M\"ark and A. M. Ellis  and P. Scheier}, 
journal={J. Chem. Phys.}, volume={135}, pages={044309}, year=2011}

  
@ARTICLE{Cal17,
author={F. Calvo}, 
journal={Phys. Rev. B}, volume={95}, pages={035429}, year=2017}

@ARTICLE{Hau17,
author={A. W. Hauser and A. O. Mitrushchenkov  and M. P. de Lara-Castells},  
journal={J. Phys. Chem. C},  volume={121}, pages={3807}, year=2017}

@ARTICLE{Fan17,
author={J. Fang and J. Tempere and  I. F. Silvera}, 
journal={J. Low Temp. Phys.},  volume={187}, pages={54}, year=2017}





