@Article{Laue1935,
author="Laue, M. v.
and London, F.
and London, H.",
title="Zur Theorie der Supraleitung",
journal="Zeitschrift f{\"u}r Physik",
year="1935",
month="May",
day="01",
volume="96",
number="5",
pages="359--364",
abstract="Die Arbeit er{\"o}rtert die W{\"a}rmeerzeugung durch station{\"a}ren Strom nach der Theorie der Supraleitung von F. und H. London.",
issn="0044-3328",
doi="10.1007/BF01343868",
url="https://doi.org/10.1007/BF01343868"
}

