





@article{doi:10.1063/1.3248499,
author = {Russell J. Donnelly},
title = {The two-fluid theory and second sound in liquid helium},
journal = {Physics Today},
volume = {62},
number = {10},
pages = {34-39},
year = {2009},
doi = {10.1063/1.3248499},

URL = { 
        https://doi.org/10.1063/1.3248499
    
},
eprint = { 
        https://doi.org/10.1063/1.3248499
    
}

}


