





@article{doi:10.1063/1.1321033,
author = {J. Reho and J. Higgins and C. Callegari and K. K. Lehmann and G. Scoles},
title = {Alkaliâ€“helium exciplex formation on the surface of helium nanodroplets. I. Dispersed emission spectroscopy},
journal = {The Journal of Chemical Physics},
volume = {113},
number = {21},
pages = {9686-9693},
year = {2000},
doi = {10.1063/1.1321033},

URL = { 
        https://doi.org/10.1063/1.1321033
    
},
eprint = { 
        https://doi.org/10.1063/1.1321033
    
}

}


