





@article{doi:10.1063/1.1321034,
author = {J. Reho and J. Higgins and K. K. Lehmann and G. Scoles},
title = {Alkaliâ€“helium exciplex formation on the surface of helium nanodroplets. II. A time-resolved study},
journal = {The Journal of Chemical Physics},
volume = {113},
number = {21},
pages = {9694-9701},
year = {2000},
doi = {10.1063/1.1321034},

URL = { 
        https://doi.org/10.1063/1.1321034
    
},
eprint = { 
        https://doi.org/10.1063/1.1321034
    
}

}


