@article{Bogolyubov:1947zz,
      author         = "Bogolyubov, N. N.",
      title          = "{On the theory of superfluidity}",
      journal        = "J. Phys.(USSR)",
      volume         = "11",
      year           = "1947",
      pages          = "23-32",
      note           = "[Izv. Akad. Nauk Ser. Fiz.11,77(1947)]",
      SLACcitation   = "%%CITATION = JOPYA,11,23;%%"
}