@article {London576,
	title = {On condensed helium at absolute zero},
	volume = {153},
	number = {880},
	pages = {576--583},
	year = {1936},
	doi = {10.1098/rspa.1936.0024},
	publisher = {The Royal Society},
	issn = {0080-4630},
	URL = {http://rspa.royalsocietypublishing.org/content/153/880/576},
	eprint = {http://rspa.royalsocietypublishing.org/content/153/880/576.full.pdf},
	journal = {Proceedings of the Royal Society of London A: Mathematical, Physical and Engineering Sciences}
}
