@article{PhysRev.75.884,
  title = {On the Theory of Superfluidity},
  author = {Landau, L.},
  journal = {Phys. Rev.},
  volume = {75},
  issue = {5},
  pages = {884--885},
  numpages = {0},
  year = {1949},
  month = {Mar},
  publisher = {American Physical Society},
  doi = {10.1103/PhysRev.75.884},
  url = {https://link.aps.org/doi/10.1103/PhysRev.75.884}
}
