@article{PhysRevLett.76.259,
  title = {Surface Region of Superfluid Helium as an Inhomogeneous Bose-Condensed Gas},
  author = {Griffin, A. and Stringari, S.},
  journal = {Phys. Rev. Lett.},
  volume = {76},
  issue = {2},
  pages = {259--262},
  numpages = {0},
  year = {1996},
  month = {Jan},
  publisher = {American Physical Society},
  doi = {10.1103/PhysRevLett.76.259},
  url = {https://link.aps.org/doi/10.1103/PhysRevLett.76.259}
}
