@article{Dalfovo1995,
  title = {Structural and dynamical properties of superfluid helium: A density-functional approach},
  author = {Dalfovo, F. and Lastri, A. and Pricaupenko, L. and Stringari, S. and Treiner, J.},
  journal = {Phys. Rev. B},
  volume = {52},
  issue = {2},
  pages = {1193--1209},
  numpages = {0},
  year = {1995},
  month = {Jul},
  publisher = {American Physical Society},
  doi = {10.1103/PhysRevB.52.1193},
  url = {https://link.aps.org/doi/10.1103/PhysRevB.52.1193}
}