@article{PhysRevLett.87.153401,
  title = {Formation of ${K}^{*}\mathrm{He}$ Exciplexes on the Surface of Helium Nanodroplets Studied in Real Time},
  author = {Schulz, C. P. and Claas, P. and Stienkemeier, F.},
  journal = {Phys. Rev. Lett.},
  volume = {87},
  issue = {15},
  pages = {153401},
  numpages = {4},
  year = {2001},
  month = {Sep},
  publisher = {American Physical Society},
  doi = {10.1103/PhysRevLett.87.153401},
  url = {https://link.aps.org/doi/10.1103/PhysRevLett.87.153401}
}
