@article{PhysRevB.72.214522,
  title = {Freezing of $^{4}\mathrm{He}$ and its liquid-solid interface from density functional theory},
  author = {Ancilotto, F. and Barranco, M. and Caupin, F. and Mayol, R. and Pi, M.},
  journal = {Phys. Rev. B},
  volume = {72},
  issue = {21},
  pages = {214522},
  numpages = {5},
  year = {2005},
  month = {Dec},
  publisher = {American Physical Society},
  doi = {10.1103/PhysRevB.72.214522},
  url = {https://link.aps.org/doi/10.1103/PhysRevB.72.214522}
}
