@article{PhysRev.60.356,
  title = {Theory of the Superfluidity of Helium II},
  author = {Landau, L.},
  journal = {Phys. Rev.},
  volume = {60},
  issue = {4},
  pages = {356--358},
  numpages = {0},
  year = {1941},
  month = {Aug},
  publisher = {American Physical Society},
  doi = {10.1103/PhysRev.60.356},
  url = {https://link.aps.org/doi/10.1103/PhysRev.60.356}
}
