@article{Ketterle2002,
  title = {Nobel lecture: When atoms behave as waves: Bose-Einstein condensation and the atom laser},
  author = {Ketterle, Wolfgang},
  journal = {Rev. Mod. Phys.},
  volume = {74},
  issue = {4},
  pages = {1131--1151},
  numpages = {0},
  year = {2002},
  month = {Nov},
  publisher = {American Physical Society},
  doi = {10.1103/RevModPhys.74.1131},
  url = {https://link.aps.org/doi/10.1103/RevModPhys.74.1131}
}
