@article{Cornell2002,
  title = {Nobel Lecture: Bose-Einstein condensation in a dilute gas, the first 70 years and some recent experiments},
  author = {Cornell, E. A. and Wieman, C. E.},
  journal = {Rev. Mod. Phys.},
  volume = {74},
  issue = {3},
  pages = {875--893},
  numpages = {0},
  year = {2002},
  month = {Aug},
  publisher = {American Physical Society},
  doi = {10.1103/RevModPhys.74.875},
  url = {https://link.aps.org/doi/10.1103/RevModPhys.74.875}
}
