@article{KEESOM1936359,
title = "On the heat conductivity of liquid helium",
journal = "Physica",
volume = "3",
number = "5",
pages = "359 - 360",
year = "1936",
issn = "0031-8914",
doi = "https://doi.org/10.1016/S0031-8914(36)80312-7",
url = "http://www.sciencedirect.com/science/article/pii/S0031891436803127",
author = "W.H. Keesom and A.P. Keesom"
}