@article{BALIBAR2017586,
title = "Laszlo Tisza and the two-fluid model of superfluidity",
journal = "Comptes Rendus Physique",
volume = "18",
number = "9",
pages = "586 - 591",
year = "2017",
note = "Science in the making: The Comptes rendus de l’Académie des sciences throughout history",
issn = "1631-0705",
doi = "https://doi.org/10.1016/j.crhy.2017.10.016",
url = "http://www.sciencedirect.com/science/article/pii/S163107051730097X",
author = "Sébastien Balibar",
keywords = "Superfluidity, Helium, Tisza, London, Landau, Superfluidité, Hélium, Tisza, London, Landau",
abstract = "The “two-fluid model” of superfluidity was first introduced by Laszlo Tisza in 1938. On that year, Tisza published the principles of his model as a brief note in Nature and two articles in French in the Comptes rendus de l'Académie des sciences, followed in 1940 by two other articles in French in the Journal de physique et le Radium. In 1941, the two-fluid model was reformulated by Lev Landau on a more rigorous basis. Successive experiments confirmed the revolutionary idea introduced by Tisza: superfluid helium is indeed a surprising mixture of two fluids with independent velocity fields. His prediction of the existence of heat waves, a consequence of his model, was also confirmed. Then, it took several decades for the superfluidity of liquid helium to be fully understood.
Résumé
Le « modèle à deux fluides » de la superfluidité a été introduit en 1938 par Laszlo Tisza. Cette année-là, Tisza publia les principes de son modèle sous la forme d'une note brève dans la revue Nature et de deux articles en français dans les Comptes rendus de l'Académie des sciences, qui furent eux-mêmes suivis en 1940 de deux autres articles en français dans le Journal de physique et le Radium. En 1941, le modèle à deux fluides fut reformulé par Lev Landau sur une base plus rigoureuse. Différentes expériences ont confirmé l'idée révolutionnaire de Tisza : l'hélium superfluide est, en effet, un mélange surprenant de deux fluides, dont les champs de vitesse sont indépendants. Sa prédiction de l'existence d'ondes de chaleur, qui est une conséquence de ce modèle, fut confirmée, elle aussi. Ensuite, il fallut plusieurs décennies pour que la superfluidité de l'hélium soit complètement comprise."
}