






@article{doi:10.1080/14786443209462044,
author = { Prof.   J.C.   McLennan   F.R.S.  and  H.D.   Smith   M.A.  and  J.O.   Wilhelm   M.A. },
title = {XIV. The scattering of light by liquid helium},
journal = {The London, Edinburgh, and Dublin Philosophical Magazine and Journal of Science},
volume = {14},
number = {89},
pages = {161-167},
year  = {1932},
publisher = {Taylor & Francis},
doi = {10.1080/14786443209462044},

URL = { 
        https://doi.org/10.1080/14786443209462044
    
},
eprint = { 
        https://doi.org/10.1080/14786443209462044
    
}

}


