@article {London484,
	title = {Thermodynamics of the thermomechanical effect of liquid He II},
	volume = {171},
	number = {947},
	pages = {484--496},
	year = {1939},
	doi = {10.1098/rspa.1939.0079},
	publisher = {The Royal Society},
	issn = {0080-4630},
	URL = {http://rspa.royalsocietypublishing.org/content/171/947/484},
	eprint = {http://rspa.royalsocietypublishing.org/content/171/947/484.full.pdf},
	journal = {Proceedings of the Royal Society of London A: Mathematical, Physical and Engineering Sciences}
}
