@article{Tisza1940-1,
	author = {Tisza, L.},
	title = {Sur la th\'{e}orie des liquides quantiques. Application a l'h\'{e}lium liquide},
	DOI= "10.1051/jphysrad:0194000105016400",
	url= "https://doi.org/10.1051/jphysrad:0194000105016400",
	journal = {J. Phys. Radium},
	year = 1940,
	volume = 1,
	number = 5,
	pages = "164--172",
}

@article{Tisza1940-2,
	author = {Tisza, L.},
	title = {Sur la th\'{e}orie des liquides quantiques. Application Ã  l'h\'{e}lium liquide. II},
	DOI= "10.1051/jphysrad:0194000108035000",
	url= "https://doi.org/10.1051/jphysrad:0194000108035000",
	journal = {J. Phys. Radium},
	year = 1940,
	volume = 1,
	number = 8,
	pages = "350--358",
}